@book{Goodfellow-et-al-2016,
    title={Deep Learning},
    author={Ian Goodfellow and Yoshua Bengio and Aaron Courville},
    publisher={MIT Press},
    note={\url{http://www.deeplearningbook.org}},
    year={2016}
}

@incollection{graves2012supervised,
  title={Supervised sequence labelling},
  author={Graves, Alex},
  booktitle={Supervised sequence labelling with recurrent neural networks},
  pages={5--13},
  year={2012},
  publisher={Springer}
}

@article{alley2019unified,
  title={Unified rational protein engineering with sequence-only deep representation learning},
  author={Alley, Ethan C and Khimulya, Grigory and Biswas, Surojit and AlQuraishi, Mohammed and Church, George M},
  journal={bioRxiv},
  pages={589333},
  year={2019},
  publisher={Cold Spring Harbor Laboratory}
}

% @article{rao2019evaluating,
%   title={Evaluating Protein Transfer Learning with TAPE},
%   author={Rao, Roshan and Bhattacharya, Nicholas and Thomas, Neil and Duan, Yan and Chen, Xi and Canny, John and Abbeel, Pieter and Song, Yun S},
%   journal={arXiv preprint arXiv:1906.08230},
%   year={2019}
% }

@inproceedings{tape2019,
author = {Rao, Roshan and Bhattacharya, Nicholas and Thomas, Neil and Duan, Yan and Chen, Xi and Canny, John and Abbeel, Pieter and Song, Yun S},
title = {Evaluating Protein Transfer Learning with TAPE},
booktitle = {Advances in Neural Information Processing Systems},
year = {2019}
}

% stability
@article{rocklin2017,
  title={Global analysis of protein folding using massively parallel design, synthesis, and testing},
  author={Rocklin, Gabriel J and Chidyausiku, Tamuka M and Goreshnik, Inna and Ford, Alex and Houliston, Scott and Lemak, Alexander and Carter, Lauren and Ravichandran, Rashmi and Mulligan, Vikram K and Chevalier, Aaron and others},
  journal={Science},
  volume={357},
  number={6347},
  pages={168--175},
  year={2017},
  publisher={American Association for the Advancement of Science}
}

% fluorescence
@article{sarkisyan2016,
  title={Local fitness landscape of the green fluorescent protein},
  author={Sarkisyan, Karen S and Bolotin, Dmitry A and Meer, Margarita V and Usmanova, Dinara R and Mishin, Alexander S and Sharonov, George V and Ivankov, Dmitry N and Bozhanova, Nina G and Baranov, Mikhail S and Soylemez, Onuralp and others},
  journal={Nature},
  volume={533},
  number={7603},
  pages={397},
  year={2016},
  publisher={Nature Publishing Group}
}

% proteinnet (contact)
@article{proteinnet,
  title={ProteinNet: a standardized data set for machine learning of protein structure},
  author={AlQuraishi, Mohammed},
  journal={arXiv preprint arXiv:1902.00249},
  year={2019}
}

% netsurf2.0 (secondary strcture)
@article{netsurfp,
  title={NetSurfP-2.0: Improved prediction of protein structural features by integrated deep learning},
  author={Klausen, Michael Schantz and Jespersen, Martin Closter and Nielsen, Henrik and Jensen, Kamilla Kjaergaard and Jurtz, Vanessa Isabell and Soenderby, Casper Kaae and Sommer, Morten Otto Alexander and Winther, Ole and Nielsen, Morten and Petersen, Bent and others},
  journal={Proteins: Structure, Function, and Bioinformatics},
  year={2019},
  publisher={Wiley Online Library}
}

% CASP12 (secondary structure)
@article{casp,
author = {Moult, John and Fidelis, Krzysztof and Kryshtafovych, Andriy and Schwede, Torsten and Tramontano, Anna},
doi = {10.1002/prot.25415},
issn = {08873585},
journal = {Proteins: Structure, Function, and Bioinformatics},
keywords = {CASP,community wide experiment,protein structure prediction},
pages = {7--15},
publisher = {John Wiley {\&} Sons, Ltd},
title = {{Critical assessment of methods of protein structure prediction (CASP)-Round XII}},
url = {http://doi.wiley.com/10.1002/prot.25415},
volume = {86},
year = {2018}
}

% PDB (secondary structure)
@article{pdb,
  title={The protein data bank},
  author={Berman, Helen M and Westbrook, John and Feng, Zukang and Gilliland, Gary and Bhat, Talapady N and Weissig, Helge and Shindyalov, Ilya N and Bourne, Philip E},
  journal={Nucleic acids research},
  volume={28},
  number={1},
  pages={235--242},
  year={2000},
  publisher={Oxford University Press}
}

% SCOPe
@article{scop,
  title={SCOPe: Structural Classification of Proteinsâ€”extended, integrating SCOP and ASTRAL data and classification of new structures},
  author={Fox, Naomi K and Brenner, Steven E and Chandonia, John-Marc},
  journal={Nucleic acids research},
  volume={42},
  number={D1},
  pages={D304--D309},
  year={2013},
  publisher={Oxford University Press}
}

%pfam (pretraining) TAPE
@article{pfam,
author = {El-Gebali, Sara and Mistry, Jaina and Bateman, Alex and Eddy, Sean R and Luciani, Aur{\'{e}}lien and Potter, Simon C and Qureshi, Matloob and Richardson, Lorna J and Salazar, Gustavo A and Smart, Alfredo and Sonnhammer, Erik L L and Hirsh, Layla and Paladin, Lisanna and Piovesan, Damiano and Tosatto, Silvio C E and Finn, Robert D},
doi = {10.1093/nar/gky995},
file = {::},
issn = {0305-1048},
journal = {Nucleic Acids Research},
keywords = {community,protein domains,tandem repeat sequences},
number = {D1},
pages = {D427--D432},
publisher = {Narnia},
title = {{The Pfam protein families database in 2019}},
url = {https://academic.oup.com/nar/article/47/D1/D427/5144153},
volume = {47},
year = {2019}
}

@article{bowman2015generating,
  title={Generating sentences from a continuous space},
  author={Bowman, Samuel R and Vilnis, Luke and Vinyals, Oriol and Dai, Andrew M and Jozefowicz, Rafal and Bengio, Samy},
  journal={arXiv preprint arXiv:1511.06349},
  year={2015}
}

@article{AlQuraishiUnsupervised,
  title={The Future of Protein Science will not be Supervised},
  author={Mohammed AlQuraishi},
  url={https://moalquraishi.wordpress.com/2019/04/01/the-future-of-protein-science-will-not-be-supervised/},
  year={2015}
}

@online{lstmwebsite,
    author={Christopher Olah},
    title={Understanding LSTM Networks},
    url={https://colah.github.io/posts/2015-08-Understanding-LSTMs/},
    urldate={2019-12-18}
}

@article{krause2016multiplicative,
  title={Multiplicative LSTM for sequence modelling},
  author={Krause, Ben and Lu, Liang and Murray, Iain and Renals, Steve},
  journal={arXiv preprint arXiv:1609.07959},
  year={2016}
}